%% This BibTeX bibliography file was created using BibDesk.
%% http://bibdesk.sourceforge.net/

%% Created for Michael Ward at 2020-06-11 14:20:18 -0700 


%% Saved with string encoding Unicode (UTF-8) 



@article{chiba:etal:2015,
	Author = {Chiba, Daina and Metternich, Nils W. and Ward, Michael D.},
	Date-Added = {2020-06-11 14:20:13 -0700},
	Date-Modified = {2020-06-11 14:20:13 -0700},
	Journal = {Political Science Research and Methods},
	Number = {3},
	Pages = {515--541},
	Title = {Every Story Has a Beginning, Middle, and an End (But Not Always in That Order): {P}redicting Duration Dynamics in a Unified Framework},
	Volume = {3},
	Year = {2015}}

@article{beger:etal:2017,
	Author = {Andreas Beger and Daniel W. Hill and Jr. and Nils. W. Metternich and Shahryar Minhas and Michael D. Ward},
	Date-Added = {2020-06-11 14:19:57 -0700},
	Date-Modified = {2020-06-11 14:19:57 -0700},
	Journal = {{The $\mathcal{R}$ Journal}},
	Number = {2},
	Pages = {474--486},
	Title = {{Splitting It Up: {T}he \texttt{spduration} Split-Population Duration Regression Package for Time-Varying Covariates}},
	Url = {https://journal.r-project.org/archive/2017/RJ-2017-056/index.html},
	Volume = {9},
	Year = {2017},
	Bdsk-Url-1 = {https://journal.r-project.org/archive/2017/RJ-2017-056/index.html}}

@article{cederman:weidmann:2017,
	Author = {Lars-Erik Cederman and Nils B. Weidmann},
	Date-Added = {2020-06-11 14:04:55 -0700},
	Date-Modified = {2020-06-11 14:04:55 -0700},
	Journal = {Science},
	Month = {February},
	Number = {6324},
	Pages = {474-476},
	Title = {Predicting  Armed Conflict: Time to Adjust Our Expectations?},
	Volume = {355},
	Year = {2017}}

@article{blair:sambanis:2020,
	Author = {Robert A. Blair and Nicholas Sambanis},
	Date-Added = {2020-06-07 13:21:22 -0700},
	Date-Modified = {2020-06-09 13:03:38 -0700},
	Journal = {Journal of Conflict Resolution},
	Month = {TBD},
	Number = {TBD},
	Pages = {TBD},
	Title = {Forecasting Civil Wars: Theory and Structure in an Age of ``Big Data'' and Machine Learning},
	Volume = {TBD},
	Year = {2020},
	Bdsk-Url-1 = {https://doi.org/10.1177/0022002720918923}}

@article{henley:1988,
	Author = {James A. Hanley},
	Doi = {10.1177/0272989X8800800308},
	Journal = {Medical Decision Making},
	Number = {3},
	Pages = {197-203},
	Title = {The Robustness of the {"}Binormal{"} Assumptions Used in Fitting {ROC} Curves},
	Url = {https://doi.org/10.1177/0272989X8800800308},
	Volume = {8},
	Year = {1988},
	Bdsk-Url-1 = {https://doi.org/10.1177/0272989X8800800308}}

@inbook{henley:2014,
	Author = {James A. Hanley},
	Booktitle = {Wiley StatsRef: Statistics Reference Online},
	Doi = {10.1002/9781118445112.stat05255},
	Eprint = {https://onlinelibrary.wiley.com/doi/pdf/10.1002/9781118445112.stat05255},
	Isbn = {9781118445112},
	Publisher = {American Cancer Society},
	Title = {Receiver Operating Characteristic ({ROC}) Curves},
	Url = {https://onlinelibrary.wiley.com/doi/abs/10.1002/9781118445112.stat05255},
	Year = {2014},
	Bdsk-Url-1 = {https://onlinelibrary.wiley.com/doi/abs/10.1002/9781118445112.stat05255},
	Bdsk-Url-2 = {https://doi.org/10.1002/9781118445112.stat05255}}

@article{zou:etal:1997,
	Author = {Kelly H. Zou and William J. Hall and David E. Shapiro},
	Journal = {Statistics in Medicine},
	Number = {19},
	Pages = {2143-2156},
	Title = {Smooth non-parametric receiver operating characteristic ({ROC}) curves for continuous diagnostic tests.},
	Volume = {16},
	Year = {1997}}

@article{pulit:2016,
	Author = {Micha{\l} Pulit},
	Journal = {Metrika},
	Number = {5},
	Pages = {603-634},
	Title = {A new method of kernel-smoothing estimation of the {ROC} curve},
	Volume = {79},
	Year = {2016}}

@article{steinert-threlkeld:2017,
	Author = {Zachary C. Steinert-Threlkeld},
	Date-Added = {2020-06-09 13:02:33 -0700},
	Date-Modified = {2020-06-09 13:02:33 -0700},
	Journal = {American Political Science Review},
	Number = {2},
	Pages = {379--403},
	Title = {Spontaneous Collective Action: Peripheral Mobilization During the {A}rab Spring},
	Volume = {111},
	Year = {2017}}

@article{metternich:etal:2013,
	Author = {Nils W. Metternich and Cassy Dorff and Max Gallop and Simon Weschle and Michael D. Ward},
	Journal = {American Journal of Political Science},
	Number = {4},
	Pages = {892--911},
	Title = {Antigovernment Networks in Civil Conflicts: {H}ow Network Structures Affect Conflictual Behavior},
	Volume = {57},
	Year = {2013}}

@article{ward:2016,
	Author = {Michael D. Ward},
	Journal = {Journal of Global Security Studies},
	Number = {1},
	Pages = {80--91},
	Title = {Can We Predict Politics? {T}oward What End?},
	Volume = {1},
	Year = {2016}}

@article{liaw:wiener:2002,
	Author = {Andy Liaw and Matthew Wiener},
	Journal = {R News},
	Number = {3},
	Pages = {18-22},
	Title = {Classification and Regression by randomForest},
	Url = {https://CRAN.R-project.org/doc/Rnews/},
	Volume = {2},
	Year = {2002},
	Bdsk-Url-1 = {https://CRAN.R-project.org/doc/Rnews/}}

@article{breiman:2001,
	Author = {Leo Breiman},
	Journal = {Machine learning},
	Number = {1},
	Pages = {5--32},
	Publisher = {Springer},
	Title = {Random forests},
	Volume = {45},
	Year = {2001}}

@article{malley:etal:2012,
	Author = {James D. Malley and Jochen Kruppa and Anirban DasGupta and Karen G. Malley and Andreas Ziegler},
	Journal = {Methods of Information in Medicine},
	Number = {1},
	Pages = {74--81},
	Title = {Probability Machines: Consistent Probability Estimation Using Nonparametric Learning Machines},
	Url = {https://www.thieme-connect.de/products/ejournals/abstract/10.3414/ME00-01-0052},
	Volume = {51},
	Year = {2012},
	Bdsk-Url-1 = {https://www.thieme-connect.de/products/ejournals/abstract/10.3414/ME00-01-0052}}
